<record xmlns='http://www.loc.gov/MARC21/slim'><leader>01241cim a22003252u 4500</leader><controlfield tag='001'>3600250</controlfield><controlfield tag='005'>20151214182531.0</controlfield><controlfield tag='007'>ss|lmnjluz|nuu</controlfield><controlfield tag='008'>991101s1987    nyunnn         l    eng d</controlfield><datafield ind1=' ' ind2=' ' tag='035'><subfield code='a'>(NIC)notisASF7315</subfield></datafield><datafield ind1=' ' ind2=' ' tag='035'><subfield code='a'>3600250</subfield></datafield><datafield ind1=' ' ind2=' ' tag='035'><subfield code='a'>(OCoLC)63895774</subfield></datafield><datafield ind1=' ' ind2=' ' tag='040'><subfield code='a'>NIC</subfield><subfield code='c'>NIC</subfield><subfield code='d'>NIC</subfield><subfield code='d'>NIC</subfield></datafield><datafield ind1='1' ind2=' ' tag='100'><subfield code='a'>Jordanova, L. J.</subfield></datafield><datafield ind1='1' ind2='0' tag='245'><subfield code='a'>Nature unveiling before science: images of women and knowledge</subfield><subfield code='h'>[sound recording]</subfield></datafield><datafield ind1=' ' ind2=' ' tag='260'><subfield code='c'>1987.</subfield></datafield><datafield ind1=' ' ind2=' ' tag='300'><subfield code='a'>1 sound cassette (65 min.) :</subfield><subfield code='b'>analog, mono.</subfield></datafield><datafield ind1=' ' ind2=' ' tag='500'><subfield code='a'>Recorded in Ithaca, NY by Cornell University.</subfield></datafield><datafield ind1=' ' ind2=' ' tag='500'><subfield code='a'>Sponsored by: Society for the Humanities,Women&apos;s Studies Program.</subfield></datafield><datafield ind1=' ' ind2=' ' tag='518'><subfield code='a'>Lecture, May 1, 1987.</subfield></datafield><datafield ind1=' ' ind2=' ' tag='520'><subfield code='a'>Jordanova formulates a correlation between the unveiling of women&apos;s bodies and actions in art, science and medicine.</subfield></datafield><datafield ind1=' ' ind2=' ' tag='540'><subfield code='a'>No reproductions authorized.</subfield></datafield><datafield ind1=' ' ind2='0' tag='650'><subfield code='a'>Feminine beauty (Aesthetics)</subfield></datafield><datafield ind1=' ' ind2='0' tag='650'><subfield code='a'>Women in art.</subfield></datafield><datafield ind1=' ' ind2='7' tag='650'><subfield code='a'>Feminine beauty (Aesthetics)</subfield><subfield code='2'>fast</subfield><subfield code='0'>(OCoLC)fst00922652</subfield></datafield><datafield ind1=' ' ind2='7' tag='650'><subfield code='a'>Women in art</subfield><subfield code='2'>fast</subfield><subfield code='0'>(OCoLC)fst01177826</subfield></datafield><datafield ind1=' ' ind2='0' tag='830'><subfield code='a'>Women, science, and the body: discourses and representations.</subfield></datafield><datafield ind1='1' ind2=' ' tag='899'><subfield code='a'>CULectures</subfield></datafield><datafield ind1=' ' ind2=' ' tag='905'><subfield code='a'>20000331120000.0</subfield></datafield><datafield ind1='2' ind2=' ' tag='948'><subfield code='a'>20141221</subfield><subfield code='b'>m</subfield><subfield code='d'>batch</subfield><subfield code='e'>lts</subfield><subfield code='x'>addfast</subfield></datafield></record>